{
  "symbol": "RIVN",
  "annualReports": [
    {
      "fiscalDateEnding": "2024-12-31",
      "reportedCurrency": "USD",
      "grossProfit": "-1200000000",
      "totalRevenue": "4970000000",
      "costOfRevenue": "6170000000",
      "costofGoodsAndServicesSold": "6170000000",
      "operatingIncome": "-4689000000",
      "sellingGeneralAndAdministrative": "1876000000",
      "researchAndDevelopment": "1613000000",
      "operatingExpenses": "3489000000",
      "investmentIncomeNet": "None",
      "netInterestIncome": "67000000",
      "interestIncome": "385000000",
      "interestExpense": "318000000",
      "nonInterestIncome": "None",
      "otherNonOperatingIncome": "None",
      "depreciation": "None",
      "depreciationAndAmortization": "1031000000",
      "incomeBeforeTax": "-4741000000",
      "incomeTaxExpense": "5000000",
      "interestAndDebtExpense": "None",
      "netIncomeFromContinuingOperations": "-4746000000",
      "comprehensiveIncomeNetOfTax": "None",
      "ebit": "-4423000000",
      "ebitda": "-3392000000",
      "netIncome": "-4747000000"
    },
    {
      "fiscalDateEnding": "2023-12-31",
      "reportedCurrency": "USD",
      "grossProfit": "-2030000000",
      "totalRevenue": "4434000000",
      "costOfRevenue": "6464000000",
      "costofGoodsAndServicesSold": "6464000000",
      "operatingIncome": "-5739000000",
      "sellingGeneralAndAdministrative": "1658000000",
      "researchAndDevelopment": "1995000000",
      "operatingExpenses": "3709000000",
      "investmentIncomeNet": "None",
      "netInterestIncome": "310000000",
      "interestIncome": "490000000",
      "interestExpense": "220000000",
      "nonInterestIncome": "None",
      "otherNonOperatingIncome": "None",
      "depreciation": "None",
      "depreciationAndAmortization": "937000000",
      "incomeBeforeTax": "-5431000000",
      "incomeTaxExpense": "1000000",
      "interestAndDebtExpense": "None",
      "netIncomeFromContinuingOperations": "-5634000000",
      "comprehensiveIncomeNetOfTax": "None",
      "ebit": "-5211000000",
      "ebitda": "-4274000000",
      "netIncome": "-5432000000"
    },
    {
      "fiscalDateEnding": "2022-12-31",
      "reportedCurrency": "USD",
      "grossProfit": "-3123000000",
      "totalRevenue": "1658000000",
      "costOfRevenue": "4781000000",
      "costofGoodsAndServicesSold": "4781000000",
      "operatingIncome": "-6856000000",
      "sellingGeneralAndAdministrative": "1789000000",
      "researchAndDevelopment": "1944000000",
      "operatingExpenses": "3733000000",
      "investmentIncomeNet": "None",
      "netInterestIncome": "90000000",
      "interestIncome": "193000000",
      "interestExpense": "103000000",
      "nonInterestIncome": "None",
      "otherNonOperatingIncome": "None",
      "depreciation": "None",
      "depreciationAndAmortization": "652000000",
      "incomeBeforeTax": "-6748000000",
      "incomeTaxExpense": "4000000",
      "interestAndDebtExpense": "None",
      "netIncomeFromContinuingOperations": "-6752000000",
      "comprehensiveIncomeNetOfTax": "None",
      "ebit": "-6645000000",
      "ebitda": "-5993000000",
      "netIncome": "-6752000000"
    },
    {
      "fiscalDateEnding": "2021-12-31",
      "reportedCurrency": "USD",
      "grossProfit": "-465000000",
      "totalRevenue": "55000000",
      "costOfRevenue": "520000000",
      "costofGoodsAndServicesSold": "520000000",
      "operatingIncome": "-4220000000",
      "sellingGeneralAndAdministrative": "1242000000",
      "researchAndDevelopment": "1850000000",
      "operatingExpenses": "3755000000",
      "investmentIncomeNet": "None",
      "netInterestIncome": "-26000000",
      "interestIncome": "3000000",
      "interestExpense": "29000000",
      "nonInterestIncome": "None",
      "otherNonOperatingIncome": "None",
      "depreciation": "None",
      "depreciationAndAmortization": "197000000",
      "incomeBeforeTax": "-4688000000",
      "incomeTaxExpense": "28000000",
      "interestAndDebtExpense": "None",
      "netIncomeFromContinuingOperations": "-4688000000",
      "comprehensiveIncomeNetOfTax": "None",
      "ebit": "-4659000000",
      "ebitda": "-4462000000",
      "netIncome": "-4716000000"
    },
    {
      "fiscalDateEnding": "2020-12-31",
      "reportedCurrency": "USD",
      "grossProfit": "-29000000",
      "totalRevenue": "0",
      "costOfRevenue": "29000000",
      "costofGoodsAndServicesSold": "29000000",
      "operatingIncome": "-1021000000",
      "sellingGeneralAndAdministrative": "255000000",
      "researchAndDevelopment": "766000000",
      "operatingExpenses": "1021000000",
      "investmentIncomeNet": "None",
      "netInterestIncome": "2000000",
      "interestIncome": "10000000",
      "interestExpense": "8000000",
      "nonInterestIncome": "None",
      "otherNonOperatingIncome": "None",
      "depreciation": "None",
      "depreciationAndAmortization": "29000000",
      "incomeBeforeTax": "-1018000000",
      "incomeTaxExpense": "9000000",
      "interestAndDebtExpense": "None",
      "netIncomeFromContinuingOperations": "-1018000000",
      "comprehensiveIncomeNetOfTax": "None",
      "ebit": "-1021000000",
      "ebitda": "-992000000",
      "netIncome": "-1027000000"
    },
    {
      "fiscalDateEnding": "2019-12-31",
      "reportedCurrency": "USD",
      "grossProfit": "-7000000",
      "totalRevenue": "0",
      "costOfRevenue": "7000000",
      "costofGoodsAndServicesSold": "7000000",
      "operatingIncome": "-409000000",
      "sellingGeneralAndAdministrative": "108000000",
      "researchAndDevelopment": "301000000",
      "operatingExpenses": "409000000",
      "investmentIncomeNet": "None",
      "netInterestIncome": "-16000000",
      "interestIncome": "18000000",
      "interestExpense": "34000000",
      "nonInterestIncome": "None",
      "otherNonOperatingIncome": "None",
      "depreciation": "None",
      "depreciationAndAmortization": "7000000",
      "incomeBeforeTax": "-426000000",
      "incomeTaxExpense": "33000000",
      "interestAndDebtExpense": "None",
      "netIncomeFromContinuingOperations": "-426000000",
      "comprehensiveIncomeNetOfTax": "None",
      "ebit": "-409000000",
      "ebitda": "-402000000",
      "netIncome": "-459000000"
    }
  ],
  "quarterlyReports": [
    {
      "fiscalDateEnding": "2025-03-31",
      "reportedCurrency": "USD",
      "grossProfit": "206000000",
      "totalRevenue": "1240000000",
      "costOfRevenue": "1034000000",
      "costofGoodsAndServicesSold": "1034000000",
      "operatingIncome": "-655000000",
      "sellingGeneralAndAdministrative": "480000000",
      "researchAndDevelopment": "381000000",
      "operatingExpenses": "1895000000",
      "investmentIncomeNet": "None",
      "netInterestIncome": "9000000",
      "interestIncome": "81000000",
      "interestExpense": "72000000",
      "nonInterestIncome": "None",
      "otherNonOperatingIncome": "None",
      "depreciation": "None",
      "depreciationAndAmortization": "None",
      "incomeBeforeTax": "-539000000",
      "incomeTaxExpense": "None",
      "interestAndDebtExpense": "None",
      "netIncomeFromContinuingOperations": "-541000000",
      "comprehensiveIncomeNetOfTax": "None",
      "ebit": "None",
      "ebitda": "None",
      "netIncome": "-545000000"
    },
    {
      "fiscalDateEnding": "2024-12-31",
      "reportedCurrency": "USD",
      "grossProfit": "170000000",
      "totalRevenue": "1734000000",
      "costOfRevenue": "1564000000",
      "costofGoodsAndServicesSold": "1564000000",
      "operatingIncome": "-661000000",
      "sellingGeneralAndAdministrative": "457000000",
      "researchAndDevelopment": "374000000",
      "operatingExpenses": "831000000",
      "investmentIncomeNet": "None",
      "netInterestIncome": "2000000",
      "interestIncome": "83000000",
      "interestExpense": "81000000",
      "nonInterestIncome": "None",
      "otherNonOperatingIncome": "None",
      "depreciation": "None",
      "depreciationAndAmortization": "218000000",
      "incomeBeforeTax": "-740000000",
      "incomeTaxExpense": "3000000",
      "interestAndDebtExpense": "None",
      "netIncomeFromContinuingOperations": "-743000000",
      "comprehensiveIncomeNetOfTax": "None",
      "ebit": "-659000000",
      "ebitda": "-441000000",
      "netIncome": "-743000000"
    },
    {
      "fiscalDateEnding": "2024-09-30",
      "reportedCurrency": "USD",
      "grossProfit": "-392000000",
      "totalRevenue": "874000000",
      "costOfRevenue": "1266000000",
      "costofGoodsAndServicesSold": "1266000000",
      "operatingIncome": "-1169000000",
      "sellingGeneralAndAdministrative": "427000000",
      "researchAndDevelopment": "350000000",
      "operatingExpenses": "777000000",
      "investmentIncomeNet": "None",
      "netInterestIncome": "8000000",
      "interestIncome": "95000000",
      "interestExpense": "87000000",
      "nonInterestIncome": "None",
      "otherNonOperatingIncome": "None",
      "depreciation": "None",
      "depreciationAndAmortization": "259000000",
      "incomeBeforeTax": "-1100000000",
      "incomeTaxExpense": "None",
      "interestAndDebtExpense": "None",
      "netIncomeFromContinuingOperations": "-1100000000",
      "comprehensiveIncomeNetOfTax": "None",
      "ebit": "-1013000000",
      "ebitda": "-754000000",
      "netIncome": "-1100000000"
    },
    {
      "fiscalDateEnding": "2024-06-30",
      "reportedCurrency": "USD",
      "grossProfit": "-522000000",
      "totalRevenue": "1158000000",
      "costOfRevenue": "1680000000",
      "costofGoodsAndServicesSold": "1680000000",
      "operatingIncome": "-1375000000",
      "sellingGeneralAndAdministrative": "496000000",
      "researchAndDevelopment": "410000000",
      "operatingExpenses": "853000000",
      "investmentIncomeNet": "None",
      "netInterestIncome": "20000000",
      "interestIncome": "95000000",
      "interestExpense": "75000000",
      "nonInterestIncome": "None",
      "otherNonOperatingIncome": "None",
      "depreciation": "None",
      "depreciationAndAmortization": "274000000",
      "incomeBeforeTax": "-1456000000",
      "incomeTaxExpense": "1000000",
      "interestAndDebtExpense": "None",
      "netIncomeFromContinuingOperations": "-1457000000",
      "comprehensiveIncomeNetOfTax": "None",
      "ebit": "-1381000000",
      "ebitda": "-1107000000",
      "netIncome": "-1457000000"
    },
    {
      "fiscalDateEnding": "2024-03-31",
      "reportedCurrency": "USD",
      "grossProfit": "-527000000",
      "totalRevenue": "1204000000",
      "costOfRevenue": "1731000000",
      "costofGoodsAndServicesSold": "1731000000",
      "operatingIncome": "-1484000000",
      "sellingGeneralAndAdministrative": "496000000",
      "researchAndDevelopment": "461000000",
      "operatingExpenses": "957000000",
      "investmentIncomeNet": "None",
      "netInterestIncome": "37000000",
      "interestIncome": "112000000",
      "interestExpense": "75000000",
      "nonInterestIncome": "None",
      "otherNonOperatingIncome": "None",
      "depreciation": "None",
      "depreciationAndAmortization": "280000000",
      "incomeBeforeTax": "-1445000000",
      "incomeTaxExpense": "1000000",
      "interestAndDebtExpense": "None",
      "netIncomeFromContinuingOperations": "-1446000000",
      "comprehensiveIncomeNetOfTax": "None",
      "ebit": "-1370000000",
      "ebitda": "-1090000000",
      "netIncome": "-1446000000"
    },
    {
      "fiscalDateEnding": "2023-12-31",
      "reportedCurrency": "USD",
      "grossProfit": "-606000000",
      "totalRevenue": "1315000000",
      "costOfRevenue": "1921000000",
      "costofGoodsAndServicesSold": "1921000000",
      "operatingIncome": "-1581000000",
      "sellingGeneralAndAdministrative": "429000000",
      "researchAndDevelopment": "526000000",
      "operatingExpenses": "975000000",
      "investmentIncomeNet": "None",
      "netInterestIncome": "58000000",
      "interestIncome": "131000000",
      "interestExpense": "73000000",
      "nonInterestIncome": "None",
      "otherNonOperatingIncome": "None",
      "depreciation": "None",
      "depreciationAndAmortization": "270000000",
      "incomeBeforeTax": "-1521000000",
      "incomeTaxExpense": "-116000000",
      "interestAndDebtExpense": "None",
      "netIncomeFromContinuingOperations": "-1521000000",
      "comprehensiveIncomeNetOfTax": "None",
      "ebit": "-1448000000",
      "ebitda": "-1178000000",
      "netIncome": "-1521000000"
    },
    {
      "fiscalDateEnding": "2023-09-30",
      "reportedCurrency": "USD",
      "grossProfit": "-477000000",
      "totalRevenue": "1337000000",
      "costOfRevenue": "1814000000",
      "costofGoodsAndServicesSold": "1814000000",
      "operatingIncome": "-1440000000",
      "sellingGeneralAndAdministrative": "434000000",
      "researchAndDevelopment": "529000000",
      "operatingExpenses": "963000000",
      "investmentIncomeNet": "None",
      "netInterestIncome": "71000000",
      "interestIncome": "126000000",
      "interestExpense": "55000000",
      "nonInterestIncome": "None",
      "otherNonOperatingIncome": "None",
      "depreciation": "None",
      "depreciationAndAmortization": "256000000",
      "incomeBeforeTax": "-1367000000",
      "incomeTaxExpense": "57000000",
      "interestAndDebtExpense": "None",
      "netIncomeFromContinuingOperations": "-1367000000",
      "comprehensiveIncomeNetOfTax": "None",
      "ebit": "-1312000000",
      "ebitda": "-1056000000",
      "netIncome": "-1367000000"
    },
    {
      "fiscalDateEnding": "2023-06-30",
      "reportedCurrency": "USD",
      "grossProfit": "-412000000",
      "totalRevenue": "1121000000",
      "costOfRevenue": "1533000000",
      "costofGoodsAndServicesSold": "1533000000",
      "operatingIncome": "-1285000000",
      "sellingGeneralAndAdministrative": "429000000",
      "researchAndDevelopment": "444000000",
      "operatingExpenses": "873000000",
      "investmentIncomeNet": "None",
      "netInterestIncome": "87000000",
      "interestIncome": "141000000",
      "interestExpense": "54000000",
      "nonInterestIncome": "None",
      "otherNonOperatingIncome": "144000000",
      "depreciation": "None",
      "depreciationAndAmortization": "223000000",
      "incomeBeforeTax": "-1195000000",
      "incomeTaxExpense": "57000000",
      "interestAndDebtExpense": "None",
      "netIncomeFromContinuingOperations": "-1195000000",
      "comprehensiveIncomeNetOfTax": "None",
      "ebit": "-1141000000",
      "ebitda": "-918000000",
      "netIncome": "-1195000000"
    },
    {
      "fiscalDateEnding": "2023-03-31",
      "reportedCurrency": "USD",
      "grossProfit": "-535000000",
      "totalRevenue": "661000000",
      "costOfRevenue": "1196000000",
      "costofGoodsAndServicesSold": "1196000000",
      "operatingIncome": "-1433000000",
      "sellingGeneralAndAdministrative": "402000000",
      "researchAndDevelopment": "496000000",
      "operatingExpenses": "898000000",
      "investmentIncomeNet": "None",
      "netInterestIncome": "86000000",
      "interestIncome": "124000000",
      "interestExpense": "38000000",
      "nonInterestIncome": "None",
      "otherNonOperatingIncome": "123000000",
      "depreciation": "None",
      "depreciationAndAmortization": "188000000",
      "incomeBeforeTax": "-1348000000",
      "incomeTaxExpense": "1000000",
      "interestAndDebtExpense": "None",
      "netIncomeFromContinuingOperations": "-1349000000",
      "comprehensiveIncomeNetOfTax": "None",
      "ebit": "-1310000000",
      "ebitda": "-1122000000",
      "netIncome": "-1349000000"
    },
    {
      "fiscalDateEnding": "2022-12-31",
      "reportedCurrency": "USD",
      "grossProfit": "-1000000000",
      "totalRevenue": "663000000",
      "costOfRevenue": "1663000000",
      "costofGoodsAndServicesSold": "1663000000",
      "operatingIncome": "-1795000000",
      "sellingGeneralAndAdministrative": "393000000",
      "researchAndDevelopment": "402000000",
      "operatingExpenses": "795000000",
      "investmentIncomeNet": "None",
      "netInterestIncome": "66000000",
      "interestIncome": "99000000",
      "interestExpense": "33000000",
      "nonInterestIncome": "None",
      "otherNonOperatingIncome": "None",
      "depreciation": "None",
      "depreciationAndAmortization": "199000000",
      "incomeBeforeTax": "-1723000000",
      "incomeTaxExpense": "-4000000",
      "interestAndDebtExpense": "None",
      "netIncomeFromContinuingOperations": "-1723000000",
      "comprehensiveIncomeNetOfTax": "None",
      "ebit": "-1690000000",
      "ebitda": "-1491000000",
      "netIncome": "-1723000000"
    },
    {
      "fiscalDateEnding": "2022-09-30",
      "reportedCurrency": "USD",
      "grossProfit": "-917000000",
      "totalRevenue": "536000000",
      "costOfRevenue": "1453000000",
      "costofGoodsAndServicesSold": "1453000000",
      "operatingIncome": "-1774000000",
      "sellingGeneralAndAdministrative": "405000000",
      "researchAndDevelopment": "452000000",
      "operatingExpenses": "857000000",
      "investmentIncomeNet": "None",
      "netInterestIncome": "45000000",
      "interestIncome": "69000000",
      "interestExpense": "24000000",
      "nonInterestIncome": "None",
      "otherNonOperatingIncome": "75000000",
      "depreciation": "None",
      "depreciationAndAmortization": "174000000",
      "incomeBeforeTax": "-1723000000",
      "incomeTaxExpense": "1000000",
      "interestAndDebtExpense": "None",
      "netIncomeFromContinuingOperations": "-1724000000",
      "comprehensiveIncomeNetOfTax": "None",
      "ebit": "-1699000000",
      "ebitda": "-1525000000",
      "netIncome": "-1724000000"
    },
    {
      "fiscalDateEnding": "2022-06-30",
      "reportedCurrency": "USD",
      "grossProfit": "-704000000",
      "totalRevenue": "364000000",
      "costOfRevenue": "1068000000",
      "costofGoodsAndServicesSold": "1068000000",
      "operatingIncome": "-1708000000",
      "sellingGeneralAndAdministrative": "461000000",
      "researchAndDevelopment": "543000000",
      "operatingExpenses": "1004000000",
      "investmentIncomeNet": "None",
      "netInterestIncome": "-2000000",
      "interestIncome": "22000000",
      "interestExpense": "24000000",
      "nonInterestIncome": "None",
      "otherNonOperatingIncome": "23000000",
      "depreciation": "None",
      "depreciationAndAmortization": "161000000",
      "incomeBeforeTax": "-1709000000",
      "incomeTaxExpense": "3000000",
      "interestAndDebtExpense": "None",
      "netIncomeFromContinuingOperations": "-1712000000",
      "comprehensiveIncomeNetOfTax": "None",
      "ebit": "-1685000000",
      "ebitda": "-1524000000",
      "netIncome": "-1712000000"
    },
    {
      "fiscalDateEnding": "2022-03-31",
      "reportedCurrency": "USD",
      "grossProfit": "-502000000",
      "totalRevenue": "95000000",
      "costOfRevenue": "597000000",
      "costofGoodsAndServicesSold": "597000000",
      "operatingIncome": "-1579000000",
      "sellingGeneralAndAdministrative": "530000000",
      "researchAndDevelopment": "547000000",
      "operatingExpenses": "1077000000",
      "investmentIncomeNet": "None",
      "netInterestIncome": "-19000000",
      "interestIncome": "3000000",
      "interestExpense": "22000000",
      "nonInterestIncome": "None",
      "otherNonOperatingIncome": "8000000",
      "depreciation": "None",
      "depreciationAndAmortization": "118000000",
      "incomeBeforeTax": "-1593000000",
      "incomeTaxExpense": "14000000",
      "interestAndDebtExpense": "None",
      "netIncomeFromContinuingOperations": "-1593000000",
      "comprehensiveIncomeNetOfTax": "None",
      "ebit": "-1571000000",
      "ebitda": "-1453000000",
      "netIncome": "-1607000000"
    },
    {
      "fiscalDateEnding": "2021-12-31",
      "reportedCurrency": "USD",
      "grossProfit": "-383000000",
      "totalRevenue": "54000000",
      "costOfRevenue": "437000000",
      "costofGoodsAndServicesSold": "437000000",
      "operatingIncome": "-2454000000",
      "sellingGeneralAndAdministrative": "682000000",
      "researchAndDevelopment": "726000000",
      "operatingExpenses": "2071000000",
      "investmentIncomeNet": "None",
      "netInterestIncome": "-21000000",
      "interestIncome": "1000000",
      "interestExpense": "22000000",
      "nonInterestIncome": "None",
      "otherNonOperatingIncome": "None",
      "depreciation": "None",
      "depreciationAndAmortization": "113000000",
      "incomeBeforeTax": "-2461000000",
      "incomeTaxExpense": "22000000",
      "interestAndDebtExpense": "None",
      "netIncomeFromContinuingOperations": "-2461000000",
      "comprehensiveIncomeNetOfTax": "None",
      "ebit": "-2439000000",
      "ebitda": "-2326000000",
      "netIncome": "-2461000000"
    },
    {
      "fiscalDateEnding": "2021-09-30",
      "reportedCurrency": "USD",
      "grossProfit": "-82000000",
      "totalRevenue": "1000000",
      "costOfRevenue": "83000000",
      "costofGoodsAndServicesSold": "83000000",
      "operatingIncome": "-776000000",
      "sellingGeneralAndAdministrative": "253000000",
      "researchAndDevelopment": "441000000",
      "operatingExpenses": "694000000",
      "investmentIncomeNet": "None",
      "netInterestIncome": "0",
      "interestIncome": "1000000",
      "interestExpense": "1000000",
      "nonInterestIncome": "None",
      "otherNonOperatingIncome": "2000000",
      "depreciation": "None",
      "depreciationAndAmortization": "49000000",
      "incomeBeforeTax": "-1233000000",
      "incomeTaxExpense": "-456000000",
      "interestAndDebtExpense": "None",
      "netIncomeFromContinuingOperations": "-1233000000",
      "comprehensiveIncomeNetOfTax": "None",
      "ebit": "-1232000000",
      "ebitda": "-1183000000",
      "netIncome": "-1233000000"
    },
    {
      "fiscalDateEnding": "2021-06-30",
      "reportedCurrency": "USD",
      "grossProfit": "-21000000",
      "totalRevenue": "0",
      "costOfRevenue": "21000000",
      "costofGoodsAndServicesSold": "21000000",
      "operatingIncome": "-580000000",
      "sellingGeneralAndAdministrative": "186000000",
      "researchAndDevelopment": "394000000",
      "operatingExpenses": "580000000",
      "investmentIncomeNet": "None",
      "netInterestIncome": "-1000000",
      "interestIncome": "0",
      "interestExpense": "1000000",
      "nonInterestIncome": "None",
      "otherNonOperatingIncome": "None",
      "depreciation": "None",
      "depreciationAndAmortization": "21000000",
      "incomeBeforeTax": "-580000000",
      "incomeTaxExpense": "2000000",
      "interestAndDebtExpense": "None",
      "netIncomeFromContinuingOperations": "-580000000",
      "comprehensiveIncomeNetOfTax": "None",
      "ebit": "-579000000",
      "ebitda": "-558000000",
      "netIncome": "-580000000"
    },
    {
      "fiscalDateEnding": "2021-03-31",
      "reportedCurrency": "USD",
      "grossProfit": "-14000000",
      "totalRevenue": "0",
      "costOfRevenue": "14000000",
      "costofGoodsAndServicesSold": "14000000",
      "operatingIncome": "-410000000",
      "sellingGeneralAndAdministrative": "121000000",
      "researchAndDevelopment": "289000000",
      "operatingExpenses": "410000000",
      "investmentIncomeNet": "None",
      "netInterestIncome": "-4000000",
      "interestIncome": "1000000",
      "interestExpense": "5000000",
      "nonInterestIncome": "None",
      "otherNonOperatingIncome": "None",
      "depreciation": "None",
      "depreciationAndAmortization": "14000000",
      "incomeBeforeTax": "-414000000",
      "incomeTaxExpense": "1000000",
      "interestAndDebtExpense": "None",
      "netIncomeFromContinuingOperations": "-414000000",
      "comprehensiveIncomeNetOfTax": "None",
      "ebit": "-409000000",
      "ebitda": "-395000000",
      "netIncome": "-414000000"
    },
    {
      "fiscalDateEnding": "2020-12-31",
      "reportedCurrency": "USD",
      "grossProfit": "None",
      "totalRevenue": "0",
      "costOfRevenue": "None",
      "costofGoodsAndServicesSold": "None",
      "operatingIncome": "-353000000",
      "sellingGeneralAndAdministrative": "95000000",
      "researchAndDevelopment": "255000000",
      "operatingExpenses": "353000000",
      "investmentIncomeNet": "None",
      "netInterestIncome": "-1000000",
      "interestIncome": "1000000",
      "interestExpense": "2000000",
      "nonInterestIncome": "None",
      "otherNonOperatingIncome": "None",
      "depreciation": "None",
      "depreciationAndAmortization": "12000000",
      "incomeBeforeTax": "-353000000",
      "incomeTaxExpense": "2000000",
      "interestAndDebtExpense": "None",
      "netIncomeFromContinuingOperations": "-353000000",
      "comprehensiveIncomeNetOfTax": "None",
      "ebit": "-351000000",
      "ebitda": "-339000000",
      "netIncome": "-353000000"
    },
    {
      "fiscalDateEnding": "2020-09-30",
      "reportedCurrency": "USD",
      "grossProfit": "None",
      "totalRevenue": "None",
      "costOfRevenue": "None",
      "costofGoodsAndServicesSold": "None",
      "operatingIncome": "-288000000",
      "sellingGeneralAndAdministrative": "67000000",
      "researchAndDevelopment": "220000000",
      "operatingExpenses": "288000000",
      "investmentIncomeNet": "None",
      "netInterestIncome": "None",
      "interestIncome": "None",
      "interestExpense": "2000000",
      "nonInterestIncome": "None",
      "otherNonOperatingIncome": "None",
      "depreciation": "None",
      "depreciationAndAmortization": "7000000",
      "incomeBeforeTax": "-288000000",
      "incomeTaxExpense": "3000000",
      "interestAndDebtExpense": "None",
      "netIncomeFromContinuingOperations": "None",
      "comprehensiveIncomeNetOfTax": "None",
      "ebit": "-286000000",
      "ebitda": "-279000000",
      "netIncome": "-288000000"
    },
    {
      "fiscalDateEnding": "2020-06-30",
      "reportedCurrency": "USD",
      "grossProfit": "None",
      "totalRevenue": "None",
      "costOfRevenue": "None",
      "costofGoodsAndServicesSold": "None",
      "operatingIncome": "-199000000",
      "sellingGeneralAndAdministrative": "None",
      "researchAndDevelopment": "151000000",
      "operatingExpenses": "202000000",
      "investmentIncomeNet": "None",
      "netInterestIncome": "None",
      "interestIncome": "None",
      "interestExpense": "None",
      "nonInterestIncome": "None",
      "otherNonOperatingIncome": "None",
      "depreciation": "None",
      "depreciationAndAmortization": "5000000",
      "incomeBeforeTax": "-200000000",
      "incomeTaxExpense": "None",
      "interestAndDebtExpense": "None",
      "netIncomeFromContinuingOperations": "None",
      "comprehensiveIncomeNetOfTax": "None",
      "ebit": "-199000000",
      "ebitda": "-194000000",
      "netIncome": "-200000000"
    },
    {
      "fiscalDateEnding": "2020-03-31",
      "reportedCurrency": "USD",
      "grossProfit": "None",
      "totalRevenue": "None",
      "costOfRevenue": "None",
      "costofGoodsAndServicesSold": "None",
      "operatingIncome": "-190500000",
      "sellingGeneralAndAdministrative": "None",
      "researchAndDevelopment": "146000000",
      "operatingExpenses": "190500000",
      "investmentIncomeNet": "None",
      "netInterestIncome": "None",
      "interestIncome": "None",
      "interestExpense": "None",
      "nonInterestIncome": "None",
      "otherNonOperatingIncome": "None",
      "depreciation": "None",
      "depreciationAndAmortization": "5000000",
      "incomeBeforeTax": "-188500000",
      "incomeTaxExpense": "None",
      "interestAndDebtExpense": "None",
      "netIncomeFromContinuingOperations": "None",
      "comprehensiveIncomeNetOfTax": "None",
      "ebit": "-190500000",
      "ebitda": "-185500000",
      "netIncome": "-188500000"
    }
  ]
}